
@INPROCEEDINGS{altug02,
  author = {Altug, E. and Ostrowski, J.P. and Mahony, R.},
  title = {Control of a quadrotor helicopter using visual feedback},
  booktitle = {Robotics and Automation, 2002. Proceedings. ICRA '02. IEEE International
	Conference on},
  year = {2002},
  volume = {1},
  pages = {72-77 vol.1},
  doi = {10.1109/ROBOT.2002.1013341},
  keywords = {aerospace robotics;aircraft control;helicopters;linearisation techniques;mobile
	robots;optical feedback;robot vision;UAV;backstepping-like control
	law;feedback linearization;four-rotor helicopter;ground camera;mode-based
	feedback linearizing controller series;pose estimation;quadrotor
	helicopter control;visual feedback;Aircraft;Equations;Helicopters;Inspection;Linear
	feedback control systems;Motion control;Remotely operated vehicles;Surveillance;Unmanned
	aerial vehicles;Vehicle dynamics}
}

@INPROCEEDINGS{augIROS12,
  author = {Augugliaro, F. and Schoellig, A. and D'Andrea, R.},
  title = {Generation of collision-free trajectories for a quadrocopter fleet:
	A sequential convex programming approach},
  booktitle = {Proc. of the IEEE/RSJ Int. Conf. on Intelligent Robots and Systems
	(IROS)},
  year = {2012},
  pages = {1917-1922},
  timestamp = {2009.07.02}
}

@UNPUBLISHED{borestein93,
  author = {Johann Borenstein},
  title = {The HoverBot -- An Electrically Powered Flying Robot},
  year = {1993},
  owner = {fernando},
  timestamp = {2013.03.12}
}

@PHDTHESIS{bouabdallah07,
  author = {Samir Bouabdallah},
  title = {Design and control of quadrotors with application to autonomous flying},
  school = {École Polytechnique Fédérale de Lausanne},
  year = {2007},
  type = {Doutorado},
  address = {Lausanne, Switzerland},
  owner = {fernando},
  timestamp = {2013.03.13}
}

@INPROCEEDINGS{dryanovski11,
  author = {Dryanovski, I. and Morris, W. and Jizhong Xiao},
  title = {An open-source pose estimation system for micro-air vehicles},
  booktitle = {Robotics and Automation (ICRA), 2011 IEEE International Conference
	on},
  year = {2011},
  pages = {4449-4454},
  doi = {10.1109/ICRA.2011.5980315},
  issn = {1050-4729},
  keywords = {Global Positioning System;SLAM (robots);aircraft control;laser ranging;mobile
	robots;pose estimation;remotely operated vehicles;sensors;2D SLAM;3D
	mapping experiments;GPS-denied indoor environments;IMU sensor;microair
	vehicles;open-source 6-DoF pose estimation system;open-source robotics;planar
	laser range-finder;Estimation;Lasers;Open source software;Robots;Sensors;Three
	dimensional displays;Vehicles}
}

@INPROCEEDINGS{ducIEEE09,
  author = {Guillaume Ducard and Raffaello D’Andrea},
  title = {Autonomous quadrotor flight using a vision system and accommodating
	frames misalignment},
  booktitle = {Industrial Embedded Systems, 2009. SIES '09. IEEE International Symposium
	on},
  year = {2009},
  pages = {261--264},
  organization = {IEEE}
}

@INPROCEEDINGS{earCDC04,
  author = {Earl, M.G. and D'Andrea, R.},
  title = {Real-time attitude estimation techniques applied to a four rotor
	helicopter},
  booktitle = {Decision and Control (CDC), 2004 IEEE International Conference on},
  year = {2004},
  volume = {4},
  pages = {3956--3961},
  organization = {IEEE}
}

@UNPUBLISHED{oficinas2,
  author = {Gerson L. S. Filho and Gustavo T. Rudiguer and Jonathan P. M. do
	Nascimento},
  title = {Quadricoptero},
  year = {2011},
  owner = {fernando},
  timestamp = {2013.03.19},
  url = {http://pessoal.utfpr.edu.br/msergio/Monog-11-2-Quadricoptero.pdf},
  urlaccessdate = {19 de março de 2013}
}

@INPROCEEDINGS{hehIROS12,
  author = {Hehn, M. and D'Andrea, R.},
  title = {Real-time trajectory generation for interception maneuvers with quadrocopters},
  booktitle = {IEEE/RSJ International Conference on Intelligent Robots and Systems
	},
  year = {2012},
  pages = {4979--4984},
  organization = {IEEE}
}

@INPROCEEDINGS{hehICRA11,
  author = {Hehn, M. and D'Andrea, R.},
  title = {A flying inverted pendulum},
  booktitle = {Robotics and Automation (ICRA), 2011 IEEE International Conference
	on},
  year = {2011},
  pages = {763--770},
  organization = {IEEE}
}

@INPROCEEDINGS{hehIFAC11,
  author = {Hehn, M. and D’Andrea, R.},
  title = {Quadrocopter trajectory generation and control},
  booktitle = {Proceedings of the IFAC world congress},
  year = {2011},
  pages = {1485--1491}
}

@ARTICLE{hehAR12,
  author = {Hehn, Markus and Ritz, Robin and D'Andrea, Raffaello},
  title = {Performance benchmarking of quadrotor systems using time-optimal
	control},
  journal = {Autonomous Robots},
  year = {2012},
  volume = {33},
  pages = {69-88},
  note = {10.1007/s10514-012-9282-3},
  affiliation = {Institute for Dynamic Systems and Control, ETH Zurich, Zurich, Switzerland},
  issn = {0929-5593},
  issue = {1},
  keyword = {Computer Science},
  publisher = {Springer Netherlands},
  url = {http://dx.doi.org/10.1007/s10514-012-9282-3}
}

@INPROCEEDINGS{starmac04,
  author = {Gabe Hoffmann and Dev Gorur Rajnarayan and Steven L. Waslander and
	David Dostal and Jung Soon Jang
	
	 and Claire J. Tomlin},
  title = {The Stanford Testbed of Autonomous Rotorcraft for Multi-Agent Control
	(STARMAC)},
  booktitle = {23rd Digital Avionics System Conference},
  year = {2004},
  owner = {fernando},
  timestamp = {2013.03.13}
}

@INPROCEEDINGS{starmac07,
  author = {Gabriel M. Hoffmann and Haomiao Huang and Steven L. Waslander and
	Claire J. Tomlin},
  title = {Quadrotor Helicopter Flight Dynamics and Control: Theory and Experiment},
  booktitle = {AIAA Guidance, Navigation and Control Conference and Exhibit},
  year = {2007},
  owner = {fernando},
  timestamp = {2013.03.13}
}

@TECHREPORT{kroo01,
  author = {Ilan Kroo and Fritz Prinz},
  title = {The Mesicopter: A Miniature Rotorcraft Concept},
  institution = {Stanford University},
  year = {2001},
  type = {Phase II Final Report},
  owner = {fernando},
  timestamp = {2013.03.12}
}

@MISC{lambermont58,
  author = {P. Lambermont},
  title = {Convertawings Model A},
  year = {2013},
  owner = {fernando},
  timestamp = {2013.03.12},
  url = {http://www.aviastar.org/helicopters_eng/convertawings.php},
  urlaccessdate = {12 de março de 2013}
}

@MISC{leishman00,
  author = {J. Gordon Leishman},
  title = {A History of Helicopter Flight},
  year = {2000},
  owner = {fernando},
  timestamp = {2013.03.12},
  url = {http://terpconnect.umd.edu/~leishman/Aero/history.html},
  urlaccessdate = {12 de março de 2013}
}

@INPROCEEDINGS{lopes2011,
  author = {Renato V. Lopes and Pedro H. de R. Quemel and Assis Santana and Geovany
	A. Borges and João Y. Ishihara},
  title = {Model Predictive Control applied to tracking and attitude stabilization
	of a {VTOL} quadrotor aircraft},
  booktitle = {21st International Congress of Mechanical Engineering},
  year = {2011},
  pages = {24-28},
  address = {Natal, RN, Brazil},
  month = {October},
  owner = {fernando},
  timestamp = {2013.03.13}
}

@ARTICLE{Lupashin2012,
  author = {Lupashin, Sergei and D'Andrea, Raffaello},
  title = {Adaptive fast open-loop maneuvers for quadrocopters},
  journal = {Autonomous Robots},
  year = {2012},
  volume = {33},
  pages = {89-102},
  affiliation = {Institute for Dynamic Systems and Control, ETH Zurich, Sonneggstr.
	3, ML K 36.2, 8092 Zurich, Switzerland},
  issn = {0929-5593},
  issue = {1},
  keyword = {Computer Science},
  publisher = {Springer Netherlands},
  url = {http://dx.doi.org/10.1007/s10514-012-9289-9}
}

@INPROCEEDINGS{Lupashin2010,
  author = {Lupashin, S. and Schoellig, A. and Sherback, M. and D'Andrea, R.},
  title = {A simple learning strategy for high-speed quadrocopter multi-flips},
  booktitle = {Robotics and Automation (ICRA), 2010 IEEE International Conference
	on},
  year = {2010},
  pages = {1642--1648},
  organization = {IEEE}
}

@INPROCEEDINGS{lupICRA10,
  author = {Lupashin, S. and Schollig, A. and Hehn, M. and D'Andrea, R.},
  title = {The Flying Machine Arena as of 2010},
  booktitle = {Robotics and Automation (ICRA), 2011 IEEE International Conference
	on},
  year = {2011},
  pages = {2970--2971},
  doi = {10.1109/ICRA.2011.5980308},
  issn = {1050-4729},
  keywords = {FMA hardware;FMA infrastructure;Flying Machine Arena;aerial robotics;autonomous
	systems;indoor research space;motion capture system;quadrocopters;software
	tools;vehicle localization;helicopters;mobile robots;motion estimation;multi-robot
	systems;software tools;}
}

@MASTERSTHESIS{melo2010,
  author = {Alexandre Secchin de Melo},
  title = {Implementação de um Quadrotor como Plataforma de Desenvolvimento
	para Algoritmos de Controle},
  school = {Universidade Federal do Espírito Santo},
  year = {2010},
  type = {Mestrado}
}

@INPROCEEDINGS{michael2010,
  author = {Nathan Michael and Daniel Mellinger and Quentin Lindsey and Vijay
	Kumar},
  title = {The {GRASP} Multiple Micro-{UAV} Testbed},
  booktitle = {IEEE Robotics \& Automation Magazine},
  year = {2010}
}

@INPROCEEDINGS{Muller2012,
  author = {Muller, F. L. and Schoellig, A. and D'Andrea, R.},
  title = {Iterative Learning of Feed-Forward Corrections for High-Performance
	Tracking},
  booktitle = {Proc. of the IEEE/RSJ Int. Conf. on Intelligent Robots and Systems
	(IROS)},
  year = {2012},
  pages = {3276-3281},
  owner = {Angela},
  timestamp = {2009.07.02}
}

@INPROCEEDINGS{mulIROS12,
  author = {Muller, M. and D'Andrea, R.},
  title = {Critical subsystem failure mitigation in an indoor UAV testbed},
  booktitle = {IEEE/RSJ International Conference on Intelligent Robots and Systems},
  year = {2012},
  pages = {780--785},
  organization = {IEEE}
}

@INPROCEEDINGS{mulIROS11,
  author = {Muller, M. and Lupashin, S. and D'Andrea, R.},
  title = {Quadrocopter ball juggling},
  booktitle = {Intelligent Robots and Systems (IROS), 2011 IEEE/RSJ International
	Conference on},
  year = {2011},
  pages = {5113--5120},
  organization = {IEEE}
}

@PHDTHESIS{niceCU04,
  author = {Nice, E.B.},
  title = {Design of a four rotor hovering vehicle},
  school = {Cornell University},
  year = {2004},
  type = {Mestrado}
}

@INPROCEEDINGS{pounds06,
  author = {Paul Pounds and Robert Mahony and Peter Corke},
  title = {Modelling and Control of a Quad-Rotor Robot},
  booktitle = {Australasian Conference on Robotics \& Automation},
  year = {2006},
  address = {Auckland, New Zealand},
  organization = {Australian National University},
  owner = {fernando},
  timestamp = {2013.03.13}
}

@INPROCEEDINGS{pounds02,
  author = {P. Pounds and R. Mahony and P. Hynes and J. Roberts},
  title = {Design of a Four-Rotor Aerial Robot},
  booktitle = {Australasian Conference on Robotics and Automation},
  year = {2002},
  address = {Auckland, New Zealand},
  organization = {Australian National University},
  owner = {fernando},
  timestamp = {2013.03.13}
}

@INPROCEEDINGS{purICRA09,
  author = {Purwin, O. and D'Andrea, R.},
  title = {Performing aggressive maneuvers using iterative learning control},
  booktitle = {Robotics and Automation, 2009. ICRA'09. IEEE International Conference
	on},
  year = {2009},
  pages = {1731--1736},
  organization = {IEEE}
}

@INPROCEEDINGS{ritIROS11,
  author = {Ritz, R. and Hehn, M. and Lupashin, S. and D'Andrea, R.},
  title = {Quadrocopter performance benchmarking using optimal control},
  booktitle = {Intelligent Robots and Systems (IROS), 2011 IEEE/RSJ International
	Conference on},
  year = {2011},
  pages = {5179--5186},
  organization = {IEEE}
}

@INPROCEEDINGS{ritIROS12,
  author = {Ritz, R. and Mueller, M. and D'Andrea, R.},
  title = {Cooperative Quadrocopter Ball Throwing and Catching},
  booktitle = {IEEE/RSJ International Conference on Intelligent Robots and Systems},
  year = {2012},
  pages = {4972--4978},
  organization = {IEEE}
}

@INPROCEEDINGS{schIROS10,
  author = {Schoellig, A. and Augugliaro, F. and D'Andrea, R.},
  title = {A platform for dance performances with multiple quadrocopters},
  booktitle = {Proceedings of the IEEE/RSJ International Conference on Intelligent
	Robots and Systems (IROS)-Workshop on Robots and Musical Expressions},
  year = {2010},
  pages = {1--8}
}

@INPROCEEDINGS{Schoellig_ICRA2010,
  author = {Angela Schoellig and Federico Augugliaro and Sergei Lupashin and
	Raffaello D’Andrea},
  title = {Synchronizing the Motion of a Quadrocopter to Music},
  booktitle = {Robotics and Automation (ICRA), 2010 IEEE International Conference
	on},
  year = {2010},
  owner = {fernando},
  timestamp = {2013.03.01}
}

@INPROCEEDINGS{schACC11,
  author = {Schoellig, A. and Hehn, M. and Lupashin, S. and D'Andrea, R.},
  title = {Feasibility of motion primitives for choreographed quadrocopter flight},
  booktitle = {American Control Conference (ACC), 2011},
  year = {2011},
  pages = {3843--3849},
  issn = {0743-1619},
  keywords = {ETH Flying Machine Arena;choreographed quadrocopter flight;first principles
	model;motor thrust limit;parameter constraint;parameterized motion
	primitives;preprogrammed quadrocopter performance;quadrocopter motion;trajectory;truncated
	Fourier series;vehicle dynamics;Fourier series;aircraft control;helicopters;motion
	control;position control;vehicle dynamics;}
}

@ARTICLE{schAR12,
  author = {Schoellig, Angela and Mueller, Fabian and D'Andrea, Raffaello},
  title = {Optimization-based iterative learning for precise quadrocopter trajectory
	tracking},
  journal = {Autonomous Robots},
  year = {2012},
  volume = {33},
  pages = {103-127},
  affiliation = {Institute for Dynamic Systems and Control (IDSC), ETH Zurich, Zurich,
	Switzerland},
  issn = {0929-5593},
  issue = {1},
  keyword = {Computer Science},
  publisher = {Springer Netherlands}
}

@INPROCEEDINGS{schACC12,
  author = {Schoellig, A. and Wiltsche, C. and D'Andrea, R.},
  title = {Feed-forward parameter identification for precise periodic quadrocopter
	motions},
  booktitle = {American Control Conference (ACC), 2012},
  year = {2012},
  pages = {4313 -4318},
  month = {june},
  issn = {0743-1619}
}

@INPROCEEDINGS{shen12,
  author = {Shaojie Shen and Michael, Nathan and Kumar, V.},
  title = {Autonomous indoor 3D exploration with a micro-aerial vehicle},
  booktitle = {Robotics and Automation (ICRA), 2012 IEEE International Conference
	on},
  year = {2012},
  pages = {9-15},
  doi = {10.1109/ICRA.2012.6225146},
  issn = {1050-4729},
  keywords = {autonomous aerial vehicles;differential equations;microrobots;Newtonian
	dynamics;autonomous indoor 3D exploration;microaerial vehicle;payload
	constrained microaerial vehicle;stochastic differential equation-based
	exploration algorithm;three-dimensional indoor environments;Mathematical
	model;Navigation;Payloads;Robot sensing systems;Vehicles}
}

@INPROCEEDINGS{stowers11,
  author = {Stowers, J. and Hayes, M. and Bainbridge-Smith, A.},
  title = {Altitude control of a quadrotor helicopter using depth map from Microsoft
	Kinect sensors},
  booktitle = {Mechatronics (ICM), 2011 IEEE International Conference on},
  year = {2011},
  pages = {358-362},
  doi = {10.1109/ICMECH.2011.5971311},
  keywords = {aerospace control;helicopters;image sensors;mobile robots;peripheral
	interfaces;robot vision;Microsoft Kinect sensor;altitude control;autonomous
	robotic control systems;commodity game controller peripheral;depth
	map;image sensors;quadrotor helicopter;real-time robotics control
	application;reliable depth estimation;Cameras;Image resolution;Indexes;Microsoft
	Kinect;depth map;quadrotor;visual flight control}
}

@INPROCEEDINGS{tonWC11,
  author = {Tonetti, S. and Hehn, M. and Lupashin, S. and D'Andrea, R.},
  title = {Distributed Control of Antenna Array with Formation of UAVs},
  booktitle = {World Congress},
  year = {2011},
  volume = {18},
  number = {1},
  pages = {7848--7853}
}

@BOOK{oge1999,
  title = {Processamento Digital de Imagens},
  year = {1999},
 publisher = {Brasport},
  author = {Ogê Marques Filho and Hugo Vieira Neto},
  address={Rio de Janeiro}
}

@MastersThesis{Ferrero2009,
author = {Ferrero, C. A.},
school = {Institute of Mathematics and Computer Science - University of São Paulo},
title = {{kNN} Algorithm for Time Series Forecasting: Prediction Functions and Criteria to Select Nearest Neighbors applied to environmental variables in Limnology (in {P}ortuguese)},
year = {2009}
}

@inproceedings{AikesJunior2011,
address = {\'{A}guas de Lind\'{o}ia},
author = {{AIKES JUNIOR}, J. and Lee, H. D. and Ferrero, C. A. and Zalewski, W. and Wu, F. C.},
booktitle = {X Confer\^{e}ncia Brasileira de Din\^{a}mica, Controle e Aplica\c{c}\~{o}es},
file = {:D$\backslash$:/Dropbox/Mestrado/Dincon/ArtigoDincon.pdf:pdf},
keywords = {a realiza\c{c}\~{a}o de uma,an\'{a}-,computacionais para a aquisi\c{c}\~{a}o,dados em diferentes formatos,dados em diversas \'{a}reas,de grande volume de,dependendo do objetivo,e o gerenciamento de,esses sis-,temas possibilitam o armazenamento},
title = {Study on the influence of {Lp} norm similarity measures in the {kNN-TSP} algorithm for time series forecasting (in {P}ortuguese)},
year = {2011},
pages={339--342}
}